@book{dahl1972structured,
	editor = {Dahl, O. J. and Dijkstra, E. W. and Hoare, C. A. R.},
	title = {Structured Programming},
	year = {1972},
	isbn = {0-12-200550-3},
	source = {Library of Congress Catalog Card Number: 72-84452},
	publisher = {Academic Press Ltd.},
	address = {London, UK, UK},
}

@book{cormen2009algorithms,
	author = {Cormen, Thomas H. and Leiserson, Charles E. and Rivest, Ronald L. and Stein, Clifford},
	title = {Introduction to Algorithms, Third Edition},
	year = {2009},
	isbn = {0262033844, 9780262033848},
	edition = {3rd},
	publisher = {The MIT Press},
}

@incollection{dijkstra1979goto,
	author = {Dijkstra, E.},
	chapter = {Go to Statement Considered Harmful},
	title = {Classics in Software Engineering},
	editor = {Yourdon, Edward Nash},
	year = {1979},
	isbn = {0-917072-14-6},
	pages = {27--33},
	numpages = {7},
	url = {http://dl.acm.org/citation.cfm?id=1241515.1241518},
	acmid = {1241518},
	publisher = {Yourdon Press},
	address = {Upper Saddle River, NJ, USA},
}

@article{krasner1988mvc,
	author = {Krasner, Glenn E. and Pope, Stephen T.},
	title = {A Cookbook for Using the Model-View-Controller User Interface Paradigm in Smalltalk-80},
	journal = {J. Object Oriented Program.},
	issue_date = {Aug./Sept. 1988},
	volume = {1},
	number = {3},
	month = aug,
	year = {1988},
	issn = {0896-8438},
	pages = {26--49},
	numpages = {24},
	url = {http://dl.acm.org/citation.cfm?id=50757.50759},
	acmid = {50759},
	publisher = {SIGS Publications},
	address = {Denville, NJ, USA},
}

@misc{aws,
	author = {},
	title = {AWS Elastic Beanstalk},
	howpublished = {\url{https://aws.amazon.com/elasticbeanstalk/}},
	month = {},
	year = {},
	note = {(Accessed on 12/16/2021)}
}



@misc{nodejs:online,
	author = {},
	title = {Node.js},
	howpublished = {\url{nodejs.org}},
	month = {},
	year = {},
	note = {(Accessed on 12/14/2021)}
}

@misc{angular:online,
	author = {},
	title = {Angular},
	howpublished = {\url{https://angular.io/}},
	month = {},
	year = {},
	note = {(Accessed on 12/14/2021)}
}

@misc{cli,
	author = {},
	title = {CLI Overview and Command Reference},
	howpublished = {\url{https://angular.io/cli}},
	month = {},
	year = {},
	note = {(Accessed on 12/14/2021)}
}

@misc{szakdolgozat2021,
	author = {Magyar Dorina},
	title = {Kisvállalatokat segítő webáruház Andular keretrendszerben},
	howpublished = {\url{https://github.com/magyardor/szakdolgozat2021}},
	month = aug,
	year = {2021},
	note = {(Accessed on 12/14/2021)}
}

@misc{vs:code,
	author = {},
	title = {Visual Studio Code},
	howpublished = {\url{https://code.visualstudio.com/}},
	month = {},
	year = {},
	note = {(Accessed on 12/14/2021)}
}

@misc{mean:stack,
	author = {},
	title = {What is the MEAN Stack?},
	howpublished = {\url{https://www.mongodb.com/mean-stack}},
	month = {},
	year = {},
	note = {(Accessed on 12/14/2021)}
}

@misc{ts,
	author = {},
	title = {What is TypeScript?},
	howpublished = {\url{https://www.typescriptlang.org/}},
	month = {},
	year = {},
	note = {(Accessed on 12/14/2021)}
}

@misc{express,
	author = {},
	title = {Express-Node.js web application framework},
	howpublished = {\url{https://expressjs.com/}},
	month = {},
	year = {},
	note = {(Accessed on 12/14/2021)}
}

@misc{mongo,
	author = {},
	title = {MongoDB: the application data platform},
	howpublished = {\url{https://www.mongodb.com/}},
	month = {},
	year = {},
	note = {(Accessed on 12/14/2021)}
}

@misc{spa,
	author = {},
	title = {Single Page Applications (SPA)},
	howpublished = {\url{https://appcheck-ng.com/single-page-applications/}},
	month = {},
	year = {},
	note = {(Accessed on 12/14/2021)}
}

@misc{components,
	author = {},
	title = {Introduction to components and templates},
	howpublished = {\url{https://angular.io/guide/architecture-components}},
	month = {},
	year = {},
	note = {(Accessed on 12/14/2021)}
}

@misc{ngmodules,
	author = {},
	title = {Introduction to modules},
	howpublished = {\url{https://angular.io/guide/architecture-modules}},
	month = {},
	year = {},
	note = {(Accessed on 12/14/2021)}
}

@misc{interface,
	author = {},
	title = {How to Use Interface in Angular?},
	howpublished = {\url{https://www.itsolutionstuff.com/post/how-to-use-interface-in-angularexample.html}},
	month = {},
	year = {},
	note = {(Accessed on 12/14/2021)}
}

@misc{service,
	author = {},
	title = {Angular - Add services},
	howpublished = {\url{https://angular.io/tutorial/toh-pt4}},
	month = {},
	year = {},
	note = {(Accessed on 12/14/2021)}
}

@misc{navigation,
	author = {},
	title = {Add navigation with routing},
	howpublished = {\url{https://angular.io/tutorial/toh-pt5}},
	month = {},
	year = {},
	note = {(Accessed on 12/14/2021)}
}

@misc{material,
	author = {},
	title = {Angular Material - Material Design components for Angular},
	howpublished = {\url{https://material.angular.io/}},
	month = {},
	year = {},
	note = {(Accessed on 12/14/2021)}
}

@misc{mongoose,
	author = {},
	title = {Mongoose - Elegant MongoDB object modeling for Node.js},
	howpublished = {\url{https://mongoosejs.com/docs/guide.html}},
	month = {},
	year = {},
	note = {(Accessed on 12/14/2021)}
}

@misc{nosql,
	author = {},
	title = {What is NoSQL?},
	howpublished = {\url{https://www.mongodb.com/nosql-explained}},
	month = {},
	year = {},
	note = {(Accessed on 12/14/2021)}
}

@misc{json,
	author = {},
	title = {Introducing JSON},
	howpublished = {\url{https://www.json.org/json-en.html}},
	month = {},
	year = {},
	note = {(Accessed on 12/14/2021)}
}

@misc{restapi,
	author = {},
	title = {What is a REST API? - IBM},
	howpublished = {\url{https://www.ibm.com/topics/rest-apis}},
	month = {},
	year = {},
	note = {(Accessed on 12/14/2021)}
}

@misc{http,
	author = {},
	title = {Communicating with backend services using HTTP},
	howpublished = {\url{https://angular.io/guide/http}},
	month = {},
	year = {},
	note = {(Accessed on 12/14/2021)}
}

@misc{hitelesites,
	author = {Maximilian Schwarzmüller},
	title = {Angular & NodeJS - The MEAN Stack Guide [2022 Edition] },
	howpublished = {\url{https://www.udemy.com/course/angular-2-and-nodejs-the-practical-guide/}},
	month = {},
	year = {},
	note = {(Accessed on 12/15/2021)}
}

@misc{photoshop,
	author = {},
	title = {Adobe Photoshop hivatalos forrásból | Fotó és tervezőszoftver},
	howpublished = {\url{https://www.adobe.com/hu/products/photoshop.html}},
	month = {},
	year = {},
	note = {(Accessed on 12/15/2021)}
}

@misc{maticons,
	author = {},
	title = {Icons - Google Fonts},
	howpublished = {\url{https://fonts.google.com/icons}},
	month = {},
	year = {},
	note = {(Accessed on 12/15/2021)}
}

@misc{figma,
	author = {},
	title = {Figma: the collaborative interface design tool.},
	howpublished = {\url{https://www.figma.com/}},
	month = {},
	year = {},
	note = {(Accessed on 12/15/2021)}
}

@misc{postman,
	author = {},
	title = {Postman API Platform},
	howpublished = {\url{https://www.postman.com/}},
	month = {},
	year = {},
	note = {(Accessed on 12/15/2021)}
}